@article{Batool23,
  author = {Batool, Asma and Anwar, Gulfam and Sarwari, Soraya},
  year   = {2023},
  month  = {08},
  pages  = {1-6},
  title  = {A REVIEW TOWARDS MINING BIG DATA},
  volume = {10}
}

@article{Edholm04,
  title={Edholm's law of bandwidth},
  author={Cherry, Steven},
  journal={IEEE spectrum},
  volume={41},
  number={7},
  pages={58--60},
  year={2004},
  publisher={IEEE}
}

@article{Moore98,
  title={Cramming more components onto integrated circuits},
  author={Moore, Gordon E},
  journal={Proceedings of the IEEE},
  volume={86},
  number={1},
  pages={82--85},
  year={1998},
  publisher={Ieee}
}

@article{Mammela17,
  author={Mammela, Aarne and Anttonen, Antti},
  journal={IEEE Circuits and Systems Magazine}, 
  title={Why Will Computing Power Need Particular Attention in Future Wireless Devices?}, 
  year={2017},
  volume={17},
  number={1},
  pages={12-26},
  keywords={Tutorials;Power distribution;Energy consumption;Energy efficiency;Physical layer;Wireless sensor networks},
  doi={10.1109/MCAS.2016.2642679}
}

@inproceedings{Qian09,
  title={Cloud computing: An overview},
  author={Qian, Ling and Luo, Zhiguo and Du, Yujian and Guo, Leitao},
  booktitle={IEEE international conference on cloud computing},
  pages={626--631},
  year={2009},
  organization={Springer}
}

@misc {MicrosoftDataCenters,
  title = {Microsoft Datacenters},
  howpublished = {\url{https://datacenters.microsoft.com/}},
  note = {Accessed: 2025-05-14},
  organization={Microsoft}
}

@techreport {SamsungSSD,
title={Communicating With Your SSD - Understanding SMART Attributes},
organization={Samsung},
year={2013},
howpublished={\url{http://download.semiconductor.samsung.com/resources/white-paper/Samsung_SSD_White_Paper.pdf}},
note = {Accessed: 2025-05-16},
pages ={24-25}
}

@inproceedings{Vishwanath10,
  author    = {Vishwanath, Kashi Venkatesh and Nagappan, Nachiappan},
  title     = {Characterizing cloud computing hardware reliability},
  year      = {2010},
  publisher = {Association for Computing Machinery},
  booktitle = {Proceedings of the 1st ACM Symposium on Cloud Computing},
  pages     = {193-204},
  numpages  = {12},
  keywords  = {failures, datacenters},
  location  = {Indianapolis, Indiana, USA},
  series    = {SoCC '10}
}

@inproceedings{Ostrouchov20,
  author    = {Ostrouchov, George and Maxwell, Don and Ashraf, Rizwan A. and Engelmann, Christian and Shankar, Mallikarjun and Rogers, James H.},
  booktitle = {SC20: International Conference for High Performance Computing, Networking, Storage and Analysis},
  title     = {GPU Lifetimes on Titan Supercomputer: Survival Analysis and Reliability},
  year      = {2020},
  volume    = {},
  number    = {},
  pages     = {1-14}
}

@article{Srinivasan15,
  title   = {Era of Cloud Computing: A New Insight to Hybrid Cloud},
  journal = {Procedia Computer Science},
  volume  = {50},
  pages   = {42-51},
  year    = {2015},
  note    = {Big Data, Cloud and Computing Challenges},
  author  = {Aishwarya Srinivasan and Md Abdul Quadir and V. Vijayakumar}
}

@article{Meneses15,
  title   = {Analyzing the interplay of failures and workload on a leadership-class supercomputer},
  author  = {Meneses, Esteban and Ni, Xiang and Jones, Terry and Maxwell, Don},
  journal = {computing},
  volume  = {2},
  number  = {3},
  pages   = {4},
  year    = {2015}
}


@inproceedings{Wang17,
  author    = {Wang, Guosai and Zhang, Lifei and Xu, Wei},
  booktitle = {2017 47th Annual IEEE/IFIP International Conference on Dependable Systems and Networks (DSN)},
  title     = {What Can We Learn from Four Years of Data Center Hardware Failures?},
  year      = {2017},
  volume    = {},
  number    = {},
  pages     = {25-36},
  keywords  = {Hardware;Servers;Frequency modulation;Maintenance engineering;Companies;Electric breakdown}
}

@inproceedings{Georgoulopoulos21,
  author    = {Georgoulopoulos, Nikolaos and Hatzopoulos, Alkiviadis and Karamitsios, Konstantinos and Tabakis, Irene Maria and Kotrotsios, Konstantinos and Metsai, Alexandros I.},
  booktitle = {2021 10th International Conference on Modern Circuits and Systems Technologies (MOCAST)},
  title     = {A Survey on Hardware Failure Prediction of Servers Using Machine Learning and Deep Learning},
  year      = {2021},
  volume    = {},
  number    = {},
  pages     = {1-5}
}

@article{Murray2005,
  title   = {Machine Learning Methods for Predicting Failures in Hard Drives: A Multiple-Instance Application.},
  author  = {Murray, Joseph F and Hughes, Gordon F and Kreutz-Delgado, Kenneth and Schuurmans, Dale},
  journal = {Journal of Machine Learning Research},
  volume  = {6},
  number  = {5},
  year    = {2005}
}

@article{Szufel17,
  title   = {A framework for sensitivity analysis of decision trees},
  author  = {Szufel, Przemys{\l}aw and Kami{\'n}ski, B and Jakubczyk, M},
  journal = {Central European Journal of Operations Research},
  year    = {2017}
}

@article{Ruggieri2,
  title     = {Efficient C4. 5 [classification algorithm]},
  author    = {Ruggieri, Salvatore},
  journal   = {IEEE transactions on knowledge and data engineering},
  volume    = {14},
  number    = {2},
  pages     = {438--444},
  year      = {2002},
  publisher = {IEEE}
}

@inproceedings{Li14,
  title        = {Hard drive failure prediction using classification and regression trees},
  author       = {Li, Jing and Ji, Xinpu and Jia, Yuhan and Zhu, Bingpeng and Wang, Gang and Li, Zhongwei and Liu, Xiaoguang},
  booktitle    = {2014 44th annual ieee/ifip international conference on dependable systems and networks},
  pages        = {383--394},
  year         = {2014},
  organization = {IEEE}
}

@article{Shen18,
  title     = {Random-forest-based failure prediction for hard disk drives},
  author    = {Shen, Jing and Wan, Jian and Lim, Se-Jung and Yu, Lifeng},
  journal   = {International Journal of Distributed Sensor Networks},
  volume    = {14},
  number    = {11},
  year      = {2018},
  publisher = {SAGE Publications Sage UK: London, England}
}

@inproceedings{Zhu13,
  title={Proactive drive failure prediction for large scale storage systems},
  author={Zhu, Bingpeng and Wang, Gang and Liu, Xiaoguang and Hu, Dianming and Lin, Sheng and Ma, Jingwei},
  booktitle={2013 IEEE 29th symposium on mass storage systems and technologies (MSST)},
  pages={1--5},
  year={2013},
  organization={IEEE}
}

@article{Xu16,
  title={Health status assessment and failure prediction for hard drives with recurrent neural networks},
  author={Xu, Chang and Wang, Gang and Liu, Xiaoguang and Guo, Dongdong and Liu, Tie-Yan},
  journal={IEEE Transactions on Computers},
  volume={65},
  number={11},
  pages={3502--3508},
  year={2016},
  publisher={IEEE}
}

@article{Schonlau20,
  title     = {The random forest algorithm for statistical learning},
  author    = {Schonlau, Matthias and Zou, Rosie Yuyan},
  journal   = {The Stata Journal},
  volume    = {20},
  number    = {1},
  pages     = {3--29},
  year      = {2020},
  publisher = {SAGE Publications Sage CA: Los Angeles, CA}
}

@article{Ahmed20,
  title     = {The k-means algorithm: A comprehensive survey and performance evaluation},
  author    = {Ahmed, Mohiuddin and Seraj, Raihan and Islam, Syed Mohammed Shamsul},
  journal   = {Electronics},
  volume    = {9},
  number    = {8},
  pages     = {1295},
  year      = {2020},
  publisher = {MDPI}
}

@inproceedings{ying2019overview,
  title={An overview of overfitting and its solutions},
  author={Ying, Xue},
  booktitle={Journal of physics: Conference series},
  volume={1168},
  year={2019},
  organization={IOP Publishing}
}

@article{briscoe2011conceptual,
  title={Conceptual complexity and the bias/variance tradeoff},
  author={Briscoe, Erica and Feldman, Jacob},
  journal={Cognition},
  volume={118},
  number={1},
  pages={2--16},
  year={2011},
  publisher={Elsevier}
}

@inproceedings{ho1995random,
  title={Random decision forests},
  author={Ho, Tin Kam},
  booktitle={Proceedings of 3rd international conference on document analysis and recognition},
  volume={1},
  pages={278--282},
  year={1995},
  organization={IEEE}
}

@inproceedings{shaik2019brief,
  title={A brief survey on random forest ensembles in classification model},
  author={Shaik, Anjaneyulu Babu and Srinivasan, Sujatha},
  booktitle={International Conference on Innovative Computing and Communications: Proceedings of ICICC 2018, Volume 2},
  pages={253--260},
  year={2019},
  organization={Springer}
}

@article{shannon1948mathematical,
  title={A mathematical theory of communication},
  author={Shannon, Claude E},
  journal={The Bell system technical journal},
  volume={27},
  number={3},
  pages={379--423},
  year={1948},
  publisher={Nokia Bell Labs}
}

@book{rosenblatt1957perceptron,
  title={The perceptron, a perceiving and recognizing automaton:(Project Para)},
  author={Rosenblatt, Frank},
  year={1957},
  publisher={Cornell Aeronautical Laboratory}
}

@article{lemarechal2012cauchy,
  title={Cauchy and the gradient method},
  author={Lemar{\'e}chal, Claude},
  journal={Doc Math Extra},
  volume={251},
  number={254},
  pages={10},
  year={2012}
}

@inproceedings{ranganath2013adaptive,
  title={An adaptive learning rate for stochastic variational inference},
  author={Ranganath, Rajesh and Wang, Chong and David, Blei and Xing, Eric},
  booktitle={International conference on machine learning},
  pages={298--306},
  year={2013},
  organization={PMLR}
}

@article{amari1993backpropagation,
  title={Backpropagation and stochastic gradient descent method},
  author={Amari, Shun-ichi},
  journal={Neurocomputing},
  volume={5},
  number={4-5},
  pages={185--196},
  year={1993},
  publisher={Elsevier}
}

@inproceedings{steinkraus2005using,
  title={Using GPUs for machine learning algorithms},
  author={Steinkraus, Dave and Buck, Ian and Simard, Patrice Y},
  booktitle={Eighth International Conference on Document Analysis and Recognition (ICDAR'05)},
  pages={1115--1120},
  year={2005},
  organization={IEEE}
}
